@Article{z1,
        author  = "Coombs, James H., Renear, Allen H. y DeRose, Steven J.",
        title   = "Markup Systems and the Future of Scholarly Text Processing",
        journal = "Communications of the ACM (Association for Computing Machinery) 30 (November 1987)",
	year    = "1987",
        pages   = "933-47",
	country = "Estados Unidos"
}

z1,
	author="Thales von Milet",
	title="Doppelwinkel-Funktionen",
	url="http://de.wikipedia.org/wiki/Formelsammlung_Trigonometrie#Doppelwinkelfunktionen",
	year="600 v.Chr.",
	address="Milet, Kleinasien",
	publisher="Wikipedia"


@Article{z2,
	author="OStR Dr. math.nat. Oster",
	title="Unterrichtsmaterialen für Klasse 9 (Mittelstufe)",
	year="1969",
	journal="Journal of Generic Studies",
	volume="9",
	pages="33-34"
}

@InCollection{z3,
	author="Elvis Presley, Madonna and Pink Floyd",
	title="Kombinatorik Hypergeometrischer Verteilungen",
	booktitle="Wiederholungslose Auswahlprobleme",
	editor="Cleopatra, Königin von Ägypten",
	publisher="Steintafeln Moses GmbH & Co. KG",
	address="Gizeh",
	year="30 v.Chr."
}

@Article{z4,
	author="Jane Doz",
	title="Why All Men Suck",
	year="2006",
	journal="Journal of Gender Studies",
	volume="6",
	pages="33-34"
}


Wild, Jonathan.
A Review of the Humdrum Toolkit: UNIX Tools for Musical Research, created by David Huron.
Music Theory Online, Volume 2, Number 7, November. 
Estados Unidos.
1996.

Selfridge-Field, Eleanor.
Beyond MIDI: The Jandbok of Musical Codes.
[Capitulo 27: The MuseData Representation of Musical Information](http://www.ccarh.org/publications/books/beyondmidi/online/musedata/).
Estados Unidos.
1997.   

Hunt, Andrew and Thomas, David.
The Pragmatic Programmer: From Journeyman to Master.
The Pragmatic Bookshelf.
Estados Unidos.
1999.

Good, Michael.
MusicXML: An Internet-Friendly Format for Sheet.
Estados Unidos.
2001.  

Yzaguirre, Gustavo 
[Manifiesto del Laboratorio de Software Libre](https://labsl.multimediales.com.ar/Manifiesto_del_Laboratorio_de_Software_Libre_.html)   
Laboratorio de Software Libre del Área Trasndepartamental de Artes Multimediales / Universidad Nacional del Arte
CABA.
2015   



Jeff Leek 
[The future of education is plain text](https://simplystatistics.org/2017/06/13/the-future-of-education-is-plain-text)   
[SimplyStats](https://simplystatistics.org)
Estados Unidos.
2017   

Pagina WEB de MuseData   
[musedata.org](http://www.musedata.org/)

Pagina WEB de Humdrum   
[music-cog.ohio-state.edu/humdrum](https://music-cog.ohio-state.edu/Humdrum/)

Pagina WEB de MusicXML   
