@article{coombs,
 author = {Coombs, James H. and Renear, Allen H. and DeRose, Steven J.},
 title = {Markup Systems and the Future of Scholarly Text Processing},
 journal = {Commun. ACM},
 issue_date = {Nov. 1987},
 volume = {30},
 number = {11},
 month = nov,
 year = {1987},
 issn = {0001-0782},
 pages = {933--947},
 numpages = {15},
 url = {http://doi.acm.org/10.1145/32206.32209},
 doi = {10.1145/32206.32209},
 acmid = {32209},
 publisher = {ACM},
 address = {New York, NY, USA},
}

@article{wild,
  author= "Wild ,Jonathan",
  year="1996",
  title= "A Review of the Humdrum Toolkit: UNIX Tools for Musical Research, created by David Huron",
  short= "A Review of the Humdrum Toolkit",
  journal= "Music Theory Online",
  volume= 2 ,
  issue= 7,
  language= en-US,
}

@book{selfridge,
  author= "Selfridge-Field, Eleanor",
  year="1997",
  title= "Beyond MIDI: The Handbok of Musical Codes",
  publisher= "The MIT Press" ,
  address= "Estados Unidos",
  pages= 402-445 ,
  ISBN= 9780262193948,
  language= en-US,
}

@book{kernighan ,
  author= "Kernighan, Brian W. and Plaguer, P. J.",
  year="1978",
  title= "The Elemenets Of Programing Style",
  publisher= "McGraw-Hill Book Company" ,
  address= "Estados Unidos",
  pages= 141-53 ,
  ISBN= 9780070342071,
  language= en-US,
}

@book{hunt,
  author="Hunt, Andrew and Thomas, David",
  year="1999",
  title= "The Pragmatic Programmer: From Journeyman to Master",
  short= "The Pragmatic Programmer",
  publisher= "The Pragmatic Bookshelf",
  editor= "Addison Wesley",
  pages= 72-99,
  ISBN=  9780201616224,
  language= en-US,
}

@online{yzaguirre,
  author="Yzaguirre , Gustavo",
  year="2016",
  title= "Manifiesto del Laboratorio de Software Libre",
  short= "Manifiesto del LabSL",
  institution= "Universidad Nacional del Arte",
  URL = "https://labsl.multimediales.com.ar/Manifiesto_del_Laboratorio_de_Software_Libre_.html",
  language= es-AR,
}

@article{good,
  author="Good , Michael",
  year="2001",
  title= "MusicXML: An Internet-Friendly Format for Sheet Music",
  short= "MusicXML",
  journal= "Proceedings of XML",
  URL= "http://michaelgood.info/publications/music/musicxml-an-internet-friendly-format-for-sheet-music/",
  language= en-US,
}

@online{leek,
  author="Leek, Jeff",
  year="2017",
  title= "The future of education is plain text",
  institution= SimplyStats,
  URL = "https://simplystatistics.org/2017/06/13/the-future-of-education-is-plain-text",
  language= en-US,
}

@online{gnu,
  author="(n.d.)",
  year="2001",
  title= "¿Que es el Software Libre?",
  institution= "GNU It is Not Unix",
  URL= "https://www.gnu.org/philosophy/free-sw.es.html",
  language= en-US,
}

@online{moolenaar ,
  author="Moolenaar, Bram",
  year="2000",
  title= "Seven habits of effective text editing",
  institution= "moolenaar.net",
  URL= "http://moolenaar.net/habits.html",
  language= en-US,
}

@online{mml,
  author="Steyn, Jaques",
  year="2001",
  title= "Music Markup Language",
  institution= "Steyn",
  URL= "https://steyn.pro/mml",
  language= en-US,
}

@article{clark,
  author= "Clark, Colin and Tindale, Adam",
  year="2014",
  title= "Flocking: A Framework for Declarative Music-Making on the Web",
  short= Flocking,
  journal= "The Joint Proceedings of the ICMC and SMC",
  publisher= "Georgaki, A. and Kouroupetroglou (eds.)",
  volume= 1 ,
  issue= 1,
  pages= 50-57,
  DOI=,
  ISBN=,
  URL = ,
  language= en-US,

}
@book{raymond,
  author="Raymond, Eric Steven",
  year="1999",
  title= "The Art of UNIX Programming",
  short= "taoup",
  publisher= "Addison-Wesley Professional",
  address= "Estados Unidos",
  pages= 33-44,
  ISBN= 978-0131429017,
  language= en-US,
}

@conference{graham2 ,
  author="Graham, Paul",
  year="2001",
  title= "Beating the Averages",
  organization= "Franz Developer Symposium",
  address= "Estados Unidos",
  publisher= "www.paulgraham.com",
  short= "avg",
  pages= 01,
  URL= "http://www.paulgraham.com/avg.html",
  language= en-US,
}

@conference{raymond2,
  author="Raymond, Eric Steven",
  year="1997",
  title= "The Cathedral and the Bazaar",
  organization= "Linux Kongress",
  address= "Estados Unidos",
  publisher= "O'Reilly Media",
  short= "catedral-bazaar",
  pages= 01-99 ,
  DOI = "10.1007/s12130-999-1026-0",
  language= en-US,
}

@conference{grela ,
  author="Grela, Dante",
  year="1992",
  title= "Análisis Musical: Una Propuesta Metodológica",
  series= "SERIE 5: La música en el Tiempo. Nº1",
  address= "Rosario, Santa Fe, Argentina",
  publisher= "Facultad de Humanidades y Artes",
  short= "Análisis Musical",
  pages= 04-05,
  language= es-ES,
}

@book{penfold,
  author="Penfold, Robert Arthur",
  year="1992",
  title= "Advanced MIDI Users Guide" ,
  pages= 1-185 ,
  address= "United Kingdom",
  publisher= "PC Publishing" ,
  ISBN= 978-1870775397,
  language= en-UK,
}

@book{neil,
  author= "Neil, Drew",
  year="2012",
  title= "Practical Vim",
  publisher= "The Pragmatic Bookshelf",
  address= "Dallas, Texas - Ralegh, North Carolina",
  pages= 1 ,
  ISBN= 978-1-934356-98-2 ,
  language= en-US,
}

@book{graham,
  author= "Graham , Paul",
  year="2004",
  title= "Hackers and Painters= Big Ideas from the Computer Age",
  publisher= "O'Reilly Media",
  address= "Estados Unidos",
  pages= 1,
  ISBN= 978-0596006624,
  language= en-US,
}

@book{lerdahl,
  author= "Lerdahl, Fred and Jackendof, Ray",
  year="1996",
  title= "A Generative Theory of Tonal Music",
  publisher= "The MIT Press",
  address= "Estados Unidos",
  pages= 1,
  ISBN= "026262107X" ,
  language= en-US,
}


@online{yaml,
  author="(n.d.)",
  year="2018",
  title="YAML Ain't Markup Language",
  institution="YAML",
  URL = "http://yaml.org/",
  language= en-US,
}
@online{yaml1.2,
  author="Ben-Kiki Oren, Evans Clark and Ingy",
  year="2009",
  title="YAML Version 1.2 Specification",
  institution="YAML",
  URL = "http://yaml.org/spec/1.2/spec.html",
  language= en-US,
}

@online{perl,
  author="Wall, Larry",
  year="1999",
  title="Perl, the first postmodern computer language",
  institution="Linux World",
  URL = "https://www.perl.com/pub/1999/03/pm.html/",
  language= en-US,
}
@online{python,
  author="Guido Van Rossum",
  year="2018",
  title="Python 3.7",
  institution="The Python Software Foundation",
  URL = "https://docs.python.org/3/",
  language= en-US,
}

@online{pyyaml,
  author="(n.d.)",
  year="2018",
  title="PyYAML is a full-featured YAML framework for the Python programming language.",
  institution="PyYaml",
  URL = "https://pyyaml.org/",
  language= en-US,
}

@online{music21,
  author="Michael Scott Cuthbert",
  year="2018",
  title="music21: a toolkit for computer-aided musicology",
  institution="Massachusetts Institute of Technology",
  URL="http://web.mit.edu/music21",
  language= en-US,
}

@online{standarlib,
  author="(n.d.)",
  year="2018",
  title= "The Pyhton Standar Library",
  institution="The Python Software Foundation",
  URL = "https://docs.python.org/3/library/index.html",
  language= en-US,
}

@online{vim,
  author="Bram Moolenaar",
  year="2018",
  title= "VIM",
  institution="Vi IMproved",
  URL = "https://www.vim.org/docs.php",
  language="en-US",
}

@online{git,
  author="Linus Torvalds",
  year="2018",
  title= "GIT",
  institution="Software Freedom Concervacy",
  URL = "https://git-scm.com/docs",
  language= "en-US",
}

@online{sphinx,
  author="Georg Brandl and the Sphinx team",
  year="2018",
  title= "Python Documentation Generator",
  institution="Sphinx Team",
  URL = "https://sphinx-doc.org/en/master",
  language= "en-US",
}

@article{allen,
  author="James Frederick Allen",
  year="1983",
  title="Maintaining knowledge about temporal intervals",
  journal="Communications of the ACM.",
  publisher="ACM Press",
  pages="832–843 ",
  doi="10.1145/182.358434",
  ISSN="0001-0782.",
  language= "en-US",
}

@book{schaeffer,
author="Pierre Schaeffer",
year="1966",
title="Tratado de los objetos musicales",
ISBN="9788420685403",
}

 
@phdthesis{samaruga,
  author="Lucas Martín Samaruga",
  year="2016",
  title="Un modelo de representación y análisis estructural de la música electroacústica . ",
  school="Universidad Nacional de Quilmes",
  language="es-ES"
}

@online{franco,
  author="Yaquelin Franco",
  year="2011",
  title= "Tesis de Investigación",
  short="tify",
  institution= "Tesis de Investigación",
  URL = "http://tesisdeinvestig.blogspot.com/2011/06/entrevistas.html",
  language= es-VE,
}

@online{lily1,
  author="Kris Shaffer",
  year="2005",
  title="Make Stunning Schenker Graphs with GNU Lilypond",
  short="",
  institution="Linux Journal",
  URL="https://www.linuxjournal.com/article/8364",
  language=en-US,
}

@online{midiutil,
  author      = "Mark Conway Wirts ",
  title       = "MIDIUtil",
  year        = 2016,
  institution = "MIDIutil",
  URL         = "https://midiutil.readthedocs.io",
  language    = en-US,
}

@book{variego,
  author = "Jorge Variego",
  year = 2018,
  title = "Composición algorítmica. Matemáticas y ciencias de la computación en la creación musical",
  institution = "Universidad Nacional de Quilmes",
  language = es-AR,
  ISBN = "978-987-558-502-7"
}

@article{pope,
  author   = "Stephen Travis Pope",
  year     = 1986,
  title    = "Music Notations and the Representation of Musical Structure and Knowledge.",
  URL      = "https://www.jstor.org/stable/833219",
  language = en-US,
  pages    = "35",
  DOI      = "10.2307/833219",
  journal  = "Perspectives of New Music",
  publisher= "Perspectives of New Music",
  volume   = "24",
  issue    = "2",
  pages    = "156-189",
}

@online{midi,
  author      = "MIDI Manufacturers Association (MMA)",
  year        = 1996,
  title       = "Standard MIDI Files (SMF) Specification",
  institution= "MIDI Manufacturers Association (MMA)",
  URL         = "https://www.midi.org/specifications-old/item/standard-midi-files-smf",
  language    = en-US,
}

@online{parser,
  author      = "(n.d.)",
  year        =  2019,
  title       = "Analizador sintáctico",
  institution = "Wikipedia",
  URL         = "https://es.wikipedia.org/wiki/Analizador_sint%C3%A1ctico",
  language    = en-US,
}
@online{marcado,
  author      = "(n.d.)",
  year        =  2019,
  title       = "Lenguaje de Marcado",
  institution = "Wikipedia",
  URL         = "https://es.wikipedia.org/wiki/Lenguaje_de_marcado",
  language    = en-US,
}
@online{interprete,
  author      = "(n.d.)",
  year        =  2019,
  title       = "Interprete de Comandos",
  institution = "Wikipedia",
  URL         = "https://es.wikipedia.org/wiki/Int%C3%A9rprete_(inform%C3%A1tica)",
  language    = en-US,
}
@online{coder,
  author      = "(n.d.)",
  year        =  2019,
  title       = "Interprete de Comandos",
  institution = "Wikipedia",
  URL         = "https://es.wikipedia.org/wiki/Codificaci%C3%B3n_digital",
  language    = en-US,
}
@online{coder,
  author      = "(n.d.)",
  year        =  2019,
  title       = "Interprete de Comandos",
  institution = "Wikipedia",
  URL         = "https://es.wikipedia.org/wiki/Codificaci%C3%B3n_digital",
  language    = en-US,
}
@online{coder,
  author      = "(n.d.)",
  year        =  2019,
  title       = "Lenguaje específico de dominio",
  institution = "Wikipedia",
  URL         = "https://es.wikipedia.org/wiki/Lenguaje_espec%C3%ADfico_de_dominio",
  language    = en-US,
}

@online{noyaml,
  author      = "Huntley, Geoffrey",
  year        =  2019,
  title       = "Interprete de Comandos",
  institution = "NoYAML",
  URL         = "https://noyaml.com/",
  language    = en-US,
}
@online{matrix,
  author      = "(n.d.)",
  year        =  2019,
  title       = "YAML Test Matrix",
  institution = "YAML",
  URL         = "https://matrix.yaml.io/valid.html",
  language    = en-US,
}


Perspectives of New Music
@COMMENT{id,
  author="
",
  year="
",
  title="
",
  short="
",
  institution= "
",
  URL= "
",
  language=en-US,


}



https://en.wikipedia.org/wiki/Constrained_conditional_model

 
Bach Analysis Source File: www.shaffermusic.com/doc/schenker/graph/
bach641graph26.ly

Single Grand Staff Lilypond Template: www.shaffermusic.com/doc/schenker/
template/gs1temp.ly

GNU Lilypond www.lilypond.org/web



Referencias a considerar
% http://lilypond.org/text-input.html

% http://strasheela.sourceforge.net/strasheela/doc/

% https://www.researchgate.net/figure/Record-Structure-of-Data-Base_fig3_228746840

% https://www.researchgate.net/publication/265736511_Debugging_Constraint_Models_with_Metamodels_and_Metaknowledge_II
% https://en.wikipedia.org/wiki/Constraint_satisfaction


