@article{coombs,
  author = "Coombs, James H. and Renear, Allen H. and De Rose, Steven J.",
  year = "1987",
  title= "Markup Systems and the Future of Scholarly Text Processing",
  title-short= "Markup and Scholarly Text Processing",
  container-title= "Communications of the ACM",
  publisher= "Association for Computing Machinery",
  volume= "30",
  issue= "11",
  page= "933-47",
  DOI= "10.1145/32206.32209",
  URL = "http://www.xml.coverpages.org/coombs.html",
  language= "en-US",

}
@article{wild,
  author= "Wild ,Jonathan",
  issued=
    "date-parts=
    - - 1996
      - 11
      - 01",
  title= "A Review of the Humdrum Toolkit= UNIX Tools for Musical Research, created by David Huron",
  title-short= "A Review of the Humdrum Toolkit",
  container-title= "Music Theory Online",
  volume= 2 ,
  issue= 7,
  language= en-US,
}

@book{selfridge,
  editor= ",
   Selfridge-Field,
    , Eleanor",
  issued="
    date-parts=
    - - 1997
      - 11
      - 01",
  title= "Beyond MIDI= The Handbok of Musical Codes",
  publisher= "The MIT Press" ,
  publisher-place= "Estados Unidos",
  page= 402-445 ,
  ISBN= 9780262193948,
  language= en-US,

}
@book{hunt,
  author="
   Hunt 
    , Andrew  
   Thomas
    , David ",
  issued="
    date-parts=
    - - 1999
      - 10
      - 13",
  title= "The Pragmatic Programmer= From Journeyman to Master",
  title-short= "The Pragmatic Programmer",
  publisher-place= "Estados Unidos",
  publisher= "Addison Wesley",
  page= 72-99,
  ISBN=  978-0-2016-1622-4,
  language= en-US,

}
@book{kernighan ,
  author= "
   Kernighan
    , Brian W.
   Plaguer 
    , P. J. ",
  issued="
    date-parts=
    - - 1978
      - 1
      - 1",
  title= "The Elemenets Of Programing Style",
  publisher= "McGraw-Hill Book Company" ,
  publisher-place= "Estados Unidos",
  page= 141-53 ,
  ISBN= 9780070342071,
  language= en-US,

}
@book{hunt,
  author="
   Hunt 
    , Andrew  
   Thomas
    , David ",
  issued="
    date-parts=
    - - 1999
      - 10
      - 13",
  title= "The Pragmatic Programmer= From Journeyman to Master",
  title-short= "The Pragmatic Programmer",
  publisher= "The Pragmatic Bookshelf",
  editor= "Addison Wesley",
  page= 72-99,
  ISBN=  9780201616224,
  language= en-US,
 
}
@online{yzaguirre,
  author="
   Yzaguirre 
    , Gustavo",
  issued="
    date-parts=
    - - 2016  
      - 11
      - 20",
  title= "Manifiesto del Laboratorio de Software Libre",
  title-short= "Manifiesto del LabSL",
  container-title= "Área Trasndepartamental de Artes Multimediales / Universidad Nacional del Arte",
  URL = "https://labsl.multimediales.com.ar/Manifiesto_del_Laboratorio_de_Software_Libre_.html",
  language= es-AR,

}
@article{good,
  author="
   Good
    , Michael",
  issued="
    date-parts=
    - - 2001
      - 12
      - 9",
  title= "MusicXML= An Internet-Friendly Format for Sheet Music",
  title-short= "MusicXML",
  container-title= "Proceedings of XML",
  URL= "http://michaelgood.info/publications/music/musicxml-an-internet-friendly-format-for-sheet-music/",
  language= en-US,

}
@online{leek,
  author="
   Leek 
    , Jeff",
  issued="
    date-parts=
    - - 2017
      - 6
      - 13",
  title= "The future of education is plain text",
  container-title= SimplyStats,
  URL = "https://simplystatistics.org/2017/06/13/the-future-of-education-is-plain-text",
  language= en-US,

}
@online{gnu,
  author="
   Varios 
    , Autores",
  issued="
    date-parts=
    - - 2001
      - 12
      - 21",
  title= "¿Que es el Software Libre?",
  container-title= "GNU It is Not Unix",
  URL= "https://www.gnu.org/philosophy/free-sw.es.html",
  language= en-US,

}
@online{moolenaar ,
  author="
    Moolenaar
    , Bram",
  issued="
    date-parts=
    - - 2000
      - 11
      - 1",
  title= "Seven habits of effective text editing",
  container-title= "moolenaar.net",
  URL= "http://moolenaar.net/habits.html",
  language= en-US,

}
@online{mml,
  author="
   Steyn
    , Jaques",
  issued="
    date-parts=
    - - 2001
      - 12
      - 21",
  title= "Music Markup Language",
  container-title= "Steyn",
  URL= "https://steyn.pro/mml",
  language= en-US,

}
@article{clark,
  author= "
   Clark
    , Colin 
   Tindale
    , Adam",
  issued="
    date-parts=
    - - 2014 
      - 14
      - 9",
  title= "Flocking= A Framework for Declarative Music-Making on the Web",
  title-short= Flocking,
  container-title= "The Joint Proceedings of the ICMC and SMC",
  publisher= "Georgaki, A. and Kouroupetroglou (eds.)",
  volume= 1 ,
  issue= 1,
  page= 50-57,
  DOI=,
  ISBN=,
  URL = ,
  language= en-US,

}
@book{raymond,
  author="
   Raymond
    , Eric Steven ",
  issued="
    date-parts=
    - - 1999
      - 01 
      - 01",
  title= "The Art of UNIX Programming",
  title-short= "taoup",
  publisher= "Addison-Wesley Professional",
  publisher-place= "Estados Unidos",
  page= 33-44,
  ISBN= 978-0131429017,
  language= en-US,

}
@conference{graham2 ,
  author="
   Graham
    , Paul ",
  issued="
    date-parts=
    - - 2001
      - 04
      - 1",
  title= "Beating the Averages",
  container-title= "Franz Developer Symposium",
  publisher-place= "Estados Unidos",
  publisher= "www.paulgraham.com",
  title-short= "avg",
  page= 01,
  URL= "http://www.paulgraham.com/avg.html",
  language= en-US,

}
@conference{raymond2,
  author="
   Raymond
    , Eric Steven ",
  issued="
    date-parts=
    - - 1997
      - 05
      - 21",
  title= "The Cathedral and the Bazaar",
  container-title= "Linux Kongress",
  publisher-place= "Estados Unidos",
  publisher= "O'Reilly Media",
  title-short= "catedral-bazaar",
  page= 01-99 ,
  DOI = "10.1007/s12130-999-1026-0",
  language= en-US,


}
@conference{grela ,
  author="
   Grela 
    , Dante ",
  issued="
    date-parts=
    - - 1992
      - 01
      - 01",
  title= "Análisis Musical= Una Propuesta Metodológica",
  container-title= "SERIE 5= La música en el Tiempo. Nº1",
  publisher-place= "Rosario, Santa Fe, Argentina",
  publisher= "Facultad de Humanidades y Artes",
  title-short= "Análisis Musical",
  page= 04-05,
  language= es-ES,

}
@book{penfold,
  author="
   Penfold
    , Robert Arthur",
  issued="
    date-parts=
    - - 1992 
      - 01
      - 10",
  title= "Advanced MIDI Users Guide" ,
  page= 1-185 ,
  publisher-place= "United Kingdom",
  publisher= "PC Publishing" ,
  ISBN= 978-1870775397,
  language= en-UK,
}

@book{neil,
  editor= "
   Neil 
    , Drew ",
  issued="
    date-parts=
    - - 2012
      - 09
      - 01",
  title= "Practical Vim",
  publisher= "The Pragmatic Bookshelf",
  publisher-place= "Dallas, Texas - Ralegh, North Carolina",
  page= 1 ,
  ISBN= 978-1-934356-98-2 ,
  language= en-US,

}
@book{graham,
  editor= "
   Graham
    , Paul ",
  issued="
    date-parts=
    - - 2004
      - 01
      - 01",
  title= "Hackers and Painters= Big Ideas from the Computer Age",
  publisher= "O'Reilly Media",
  publisher-place= "Estados Unidos",
  page= 1,
  ISBN= 978-0596006624,
  language= en-US,


}
@book{lerdahl,
  editor= "
   Lerdahl
    , Fred
   Jackendof
    , Ray ",
  issued="
    date-parts=
    - - 1996
      - 01
      - 01",
  title= "A Generative Theory of Tonal Music",
  publisher= "The MIT Press",
  publisher-place= "Estados Unidos",
  page= 1,
  ISBN= 026262107X ,
  language= en-US,
}
