@article{coombs,
  author = "Coombs, James H. and Renear, Allen H. and De Rose, Steven J.",
  year = "1987",
  title= "Markup Systems and the Future of Scholarly Text Processing",
  short= "Markup and Scholarly Text Processing",
  journal= "Communications of the ACM",
  publisher= "Association for Computing Machinery",
  volume= "30",
  issue= "11",
  pages= "933-47",
  DOI= "10.1145/32206.32209",
  URL = "http://www.xml.coverpagess.org/coombs.html",
  language= "en-US",

}
@article{wild,
  author= "Wild ,Jonathan",
  year="1996",
  title= "A Review of the Humdrum Toolkit: UNIX Tools for Musical Research, created by David Huron",
  short= "A Review of the Humdrum Toolkit",
  journal= "Music Theory Online",
  volume= 2 ,
  issue= 7,
  language= en-US,
}

@book{selfridge,
  author= "Selfridge-Field, Eleanor",
  year="1997",
  title= "Beyond MIDI: The Handbok of Musical Codes",
  publisher= "The MIT Press" ,
  address= "Estados Unidos",
  pages= 402-445 ,
  ISBN= 9780262193948,
  language= en-US,
}

@book{kernighan ,
  author= "Kernighan, Brian W. and Plaguer, P. J.",
  year="1978",
  title= "The Elemenets Of Programing Style",
  publisher= "McGraw-Hill Book Company" ,
  address= "Estados Unidos",
  pages= 141-53 ,
  ISBN= 9780070342071,
  language= en-US,
}

@book{hunt,
  author="Hunt, Andrew and Thomas, David",
  year="1999",
  title= "The Pragmatic Programmer: From Journeyman to Master",
  short= "The Pragmatic Programmer",
  publisher= "The Pragmatic Bookshelf",
  editor= "Addison Wesley",
  pages= 72-99,
  ISBN=  9780201616224,
  language= en-US,
}

@online{yzaguirre,
  author="Yzaguirre , Gustavo",
  year="2016",
  title= "Manifiesto del Laboratorio de Software Libre",
  short= "Manifiesto del LabSL",
  institution= "Universidad Nacional del Arte",
  URL = "https://labsl.multimediales.com.ar/Manifiesto_del_Laboratorio_de_Software_Libre_.html",
  language= es-AR,
}

@article{good,
  author="Good , Michael",
  year="2001",
  title= "MusicXML: An Internet-Friendly Format for Sheet Music",
  short= "MusicXML",
  journal= "Proceedings of XML",
  URL= "http://michaelgood.info/publications/music/musicxml-an-internet-friendly-format-for-sheet-music/",
  language= en-US,
}

@online{leek,
  author="Leek, Jeff",
  year="2017",
  title= "The future of education is plain text",
  institution= SimplyStats,
  URL = "https://simplystatistics.org/2017/06/13/the-future-of-education-is-plain-text",
  language= en-US,
}

@online{gnu,
  author="Autores Varios",
  year="2001",
  title= "¿Que es el Software Libre?",
  institution= "GNU It is Not Unix",
  URL= "https://www.gnu.org/philosophy/free-sw.es.html",
  language= en-US,
}

@online{moolenaar ,
  author="Moolenaar, Bram",
  year="2000",
  title= "Seven habits of effective text editing",
  institution= "moolenaar.net",
  URL= "http://moolenaar.net/habits.html",
  language= en-US,
}

@online{mml,
  author="Steyn, Jaques",
  year="2001",
  title= "Music Markup Language",
  institution= "Steyn",
  URL= "https://steyn.pro/mml",
  language= en-US,
}

@article{clark,
  author= "Clark, Colin and Tindale, Adam",
  year="2014",
  title= "Flocking: A Framework for Declarative Music-Making on the Web",
  short= Flocking,
  journal= "The Joint Proceedings of the ICMC and SMC",
  publisher= "Georgaki, A. and Kouroupetroglou (eds.)",
  volume= 1 ,
  issue= 1,
  pages= 50-57,
  DOI=,
  ISBN=,
  URL = ,
  language= en-US,

}
@book{raymond,
  author="Raymond, Eric Steven",
  year="1999",
  title= "The Art of UNIX Programming",
  short= "taoup",
  publisher= "Addison-Wesley Professional",
  address= "Estados Unidos",
  pages= 33-44,
  ISBN= 978-0131429017,
  language= en-US,
}

@conference{graham2 ,
  author="Graham, Paul",
  year="2001",
  title= "Beating the Averages",
  organization= "Franz Developer Symposium",
  address= "Estados Unidos",
  publisher= "www.paulgraham.com",
  short= "avg",
  pages= 01,
  URL= "http://www.paulgraham.com/avg.html",
  language= en-US,
}

@conference{raymond2,
  author="Raymond, Eric Steven",
  year="1997",
  title= "The Cathedral and the Bazaar",
  organization= "Linux Kongress",
  address= "Estados Unidos",
  publisher= "O'Reilly Media",
  short= "catedral-bazaar",
  pages= 01-99 ,
  DOI = "10.1007/s12130-999-1026-0",
  language= en-US,
}

@conference{grela ,
  author="Grela, Dante",
  year="1992",
  title= "Análisis Musical: Una Propuesta Metodológica",
  series= "SERIE 5: La música en el Tiempo. Nº1",
  address= "Rosario, Santa Fe, Argentina",
  publisher= "Facultad de Humanidades y Artes",
  short= "Análisis Musical",
  pages= 04-05,
  language= es-ES,
}

@book{penfold,
  author="Penfold, Robert Arthur",
  year="1992",
  title= "Advanced MIDI Users Guide" ,
  pages= 1-185 ,
  address= "United Kingdom",
  publisher= "PC Publishing" ,
  ISBN= 978-1870775397,
  language= en-UK,
}

@book{neil,
  author= "Neil, Drew",
  year="2012",
  title= "Practical Vim",
  publisher= "The Pragmatic Bookshelf",
  address= "Dallas, Texas - Ralegh, North Carolina",
  pages= 1 ,
  ISBN= 978-1-934356-98-2 ,
  language= en-US,
}

@book{graham,
  author= "Graham , Paul",
  year="2004",
  title= "Hackers and Painters= Big Ideas from the Computer Age",
  publisher= "O'Reilly Media",
  address= "Estados Unidos",
  pages= 1,
  ISBN= 978-0596006624,
  language= en-US,
}

@book{lerdahl,
  author= "Lerdahl, Fred and Jackendof, Ray",
  year="1996",
  title= "A Generative Theory of Tonal Music",
  publisher= "The MIT Press",
  address= "Estados Unidos",
  pages= 1,
  ISBN= "026262107X" ,
  language= en-US,
}


@online{yaml,
  author="Autores Varios",
  year="2018",
  title="YAML Ain't Markup Language",
  institution="YAML",
  URL = "http://yaml.org/",
  language= en-US,
}

@online{python,
  author="Guido Van Rossum",
  year="2018",
  title="Python 3.7",
  institution="The Python Software Foundation",
  URL = "https://docs.python.org/3/",
  language= en-US,
}

@online{pyyaml,
  author="Autores Varios",
  year="2018",
  title="PyYAML is a full-featured YAML framework for the Python programming language.",
  institution="PyYaml",
  URL = "https://pyyaml.org/",
  language= en-US,
}

@online{music21,
  author="Michael Scott Cuthbert",
  year="2018",
  title="music21: a toolkit for computer-aided musicology",
  institution="Massachusetts Institute of Technology",
  URL="http://web.mit.edu/music21",
  language= en-US,
}

@online{standarlib,
  author="Autores Varios",
  year="2018",
  title= "The Pyhton Standar Library",
  institution="The Python Software Foundation",
  URL = "https://docs.python.org/3/library/index.html",
  language= en-US,
}

@online{vim,
  author="Bram Moolenaar",
  year="2018",
  title= "VIM",
  institution="Vi IMproved",
  URL = "https://www.vim.org/docs.php",
  language="en-US",
}

@online{git,
  author="Linus Torvalds",
  year="2018",
  title= "GIT",
  institution="Software Freedom Concervacy",
  URL = "https://git-scm.com/docs",
  language= "en-US",
}

@online{sphinx,
  author="Georg Brandl and the Sphinx team",
  year="2018",
  title= "Python Documentation Generator",
  institution="Sphinx Team",
  URL = "https://sphinx-doc.org/en/master",
  language= "en-US",
}

@article{allen,
  author="James Frederick Allen",
  year="1983",
  title="Maintaining knowledge about temporal intervals",
  journal="Communications of the ACM.",
  publisher="ACM Press",
  pages="832–843 ",
  doi="10.1145/182.358434",
  ISSN="0001-0782.",
  language= "en-US",
}

@book{schaeffer,
author="Pierre Schaeffer",
year="1966",
title="Tratado de los objetos musicales",
ISBN="9788420685403",
}

 
@phdthesis{samaruga,
  author="Lucas Martín Samaruga",
  year="2016",
  title="Un modelo de representación y análisis estructural de la música electroacústica . ",
  school="Universidad Nacional de Quilmes",
  language="es-ES"
}

@online{franco,
  author="Yaquelin Franco",
  year="2011",
  title= "Tesis de Investigación",
  short="tify",
  institution= "Tesis de Investigación",
  URL = "http://tesisdeinvestig.blogspot.com/2011/06/entrevistas.html",
  language= es-VE,
}

